<?xml version="1.0" encoding="UTF-8"?><record xmlns="http://www.loc.gov/MARC21/slim" xmlns:cinclude="http://apache.org/cocoon/include/1.0" xmlns:zs="http://www.loc.gov/zing/srw/">
  <leader>01038nz  a2200205n  4500</leader>
  <controlfield tag="001">no2015110395</controlfield>
  <controlfield tag="003">DLC</controlfield>
  <controlfield tag="005">20150821073531.0</controlfield>
  <controlfield tag="008">150820n| azannaabn          |a ana     c</controlfield>
  <datafield tag="010" ind1=" " ind2=" ">
    <subfield code="a">no2015110395</subfield>
  </datafield>
  <datafield tag="035" ind1=" " ind2=" ">
    <subfield code="a">(OCoLC)oca10248499</subfield>
  </datafield>
  <datafield tag="040" ind1=" " ind2=" ">
    <subfield code="a">MCM</subfield>
    <subfield code="b">eng</subfield>
    <subfield code="e">rda</subfield>
    <subfield code="c">MCM</subfield>
  </datafield>
  <datafield tag="046" ind1=" " ind2=" ">
    <subfield code="s">20130401</subfield>
    <subfield code="t">20130405</subfield>
  </datafield>
  <datafield tag="111" ind1="2" ind2=" ">
    <subfield code="a">Symposium WW, "Nuclear Radiation Detection Materials"</subfield>
    <subfield code="d">(2013 :</subfield>
    <subfield code="c">San Francisco, Calif.)</subfield>
  </datafield>
  <datafield tag="370" ind1=" " ind2=" ">
    <subfield code="e">San Francisco (Calif.)</subfield>
    <subfield code="2">naf</subfield>
  </datafield>
  <datafield tag="373" ind1=" " ind2=" ">
    <subfield code="a">Materials Research Society</subfield>
    <subfield code="2">naf</subfield>
  </datafield>
  <datafield tag="410" ind1="2" ind2=" ">
    <subfield code="a">Materials Research Society.</subfield>
    <subfield code="b">Spring Meeting</subfield>
    <subfield code="d">(2013 :</subfield>
    <subfield code="c">San Francisco, Calif.).</subfield>
    <subfield code="b">Symposium WW</subfield>
  </datafield>
  <datafield tag="411" ind1="2" ind2=" ">
    <subfield code="a">Nuclear Radiation Detection Materials (Symposium)</subfield>
    <subfield code="d">(2013 :</subfield>
    <subfield code="c">San Francisco, Calif.)</subfield>
  </datafield>
  <datafield tag="670" ind1=" " ind2=" ">
    <subfield code="a">Nuclear Radiation Detection Materials, c2013:</subfield>
    <subfield code="b">cover (2013 MRS Spring Meeting) t.p. (April 1-5, 2013, San Francisco, California, USA)</subfield>
  </datafield>
  <datafield tag="670" ind1=" " ind2=" ">
    <subfield code="a">MRS website, viewed Aug. 20:</subfield>
    <subfield code="b">2013 MRS Spring Meeting &amp; Exhibit, technical sessions page (Symposium WW: Nuclear Radiation Detection Materials)</subfield>
    <subfield code="u">http://www.mrs.org/s13-technical-sessions/</subfield>
  </datafield>
</record>